


@BOOKLET{ French:2010, 
    author= {French, Michael}, 
    title = {Global games market worth over \$100bn},
    year = {2010},
    month = aug,
    url = {http://www.mcvuk.com/news/40635/Global-games-market-worth-over-100bn}
}

