%% This BibTeX bibliography file was created using BibDesk.
%% http://bibdesk.sourceforge.net/


%% Created for Byron at 2011-12-06 20:29:42 -0500 


%% Saved with string encoding Unicode (UTF-8) 



@article{programmable-graphics,
	Author = {Timothy J. Purcell and Ian Buck and William R. Mark and Pat Hanrahan},
	Date-Added = {2011-12-06 19:43:22 -0500},
	Date-Modified = {2011-12-06 19:44:36 -0500},
	Journal = {ACM Transactions on Graphics},
	Number = {3},
	Title = {Ray Tracing on Programmable Graphics Hardware},
	Volume = {21},
	Year = {2002},
	Bdsk-File-1 = {YnBsaXN0MDDUAQIDBAUIJidUJHRvcFgkb2JqZWN0c1gkdmVyc2lvblkkYXJjaGl2ZXLRBgdUcm9vdIABqAkKFRYXGyIjVSRudWxs0wsMDQ4RFFpOUy5vYmplY3RzV05TLmtleXNWJGNsYXNzog8QgASABqISE4ACgAOAB1lhbGlhc0RhdGFccmVsYXRpdmVQYXRo0hgNGRpXTlMuZGF0YU8RAb4AAAAAAb4AAgAADE1hY2ludG9zaCBIRAAAAAAAAAAAAAAAAAAAAMnnRuRIKwAAAYn9qxBwNzAzLXB1cmNlbGwucGRmAAAAAAAAAAAAAAAAAAAAAAAAAAAAAAAAAAAAAAAAAAAAAAAAAAAAAAAAAAAAAAABiiSCywQcCgAAAAAAAAAAAAEAAgAACSAAAAAAAAAAAAAAAAAAAAAJcmVzb3VyY2VzAAAQAAgAAMnnfyQAAAARAAgAAMsEYloAAAABABgBif2rABSkkwAUnPUACN+bAAjfjgAAmKAAAgBLTWFjaW50b3NoIEhEOlVzZXJzOmJ5cm9uOkRvY3VtZW50czpwYXBlcnM6dGhlc2lzOnJlc291cmNlczpwNzAzLXB1cmNlbGwucGRmAAAOACIAEABwADcAMAAzAC0AcAB1AHIAYwBlAGwAbAAuAHAAZABmAA8AGgAMAE0AYQBjAGkAbgB0AG8AcwBoACAASABEABIAPlVzZXJzL2J5cm9uL0RvY3VtZW50cy9wYXBlcnMvdGhlc2lzL3Jlc291cmNlcy9wNzAzLXB1cmNlbGwucGRmABMAAS8AABUAAgAM//8AAIAF0hwdHh9YJGNsYXNzZXNaJGNsYXNzbmFtZaMfICFdTlNNdXRhYmxlRGF0YVZOU0RhdGFYTlNPYmplY3RfEB0uLi9yZXNvdXJjZXMvcDcwMy1wdXJjZWxsLnBkZtIcHSQloiUhXE5TRGljdGlvbmFyeRIAAYagXxAPTlNLZXllZEFyY2hpdmVyAAgAEQAWAB8AKAAyADUAOgA8AEUASwBSAF0AZQBsAG8AcQBzAHYAeAB6AHwAhgCTAJgAoAJiAmQCaQJyAn0CgQKPApYCnwK/AsQCxwLUAtkAAAAAAAACAQAAAAAAAAAoAAAAAAAAAAAAAAAAAAAC6w==}}

@conference{embedded-objects,
	Author = {Nancy Dandachy and Dimitri Plemenos and Safwan Chendeb and Bachar El Hassan},
	Booktitle = {Journal of Computer Science},
	Date-Added = {2011-12-06 19:38:46 -0500},
	Date-Modified = {2011-12-06 19:40:06 -0500},
	Number = {6},
	Title = {An Alternative Ray Tracing Algorithm for Understanding Scenes with Embedded Objects},
	Volume = {6},
	Year = {2010},
	Bdsk-File-1 = {YnBsaXN0MDDUAQIDBAUIJidUJHRvcFgkb2JqZWN0c1gkdmVyc2lvblkkYXJjaGl2ZXLRBgdUcm9vdIABqAkKFRYXGyIjVSRudWxs0wsMDQ4RFFpOUy5vYmplY3RzV05TLmtleXNWJGNsYXNzog8QgASABqISE4ACgAOAB1lhbGlhc0RhdGFccmVsYXRpdmVQYXRo0hgNGRpXTlMuZGF0YU8RAcoAAAAAAcoAAgAADE1hY2ludG9zaCBIRAAAAAAAAAAAAAAAAAAAAMnnRuRIKwAAAYn9qxMxMC4xLjEuMTY1Ljg0OTUucGRmAAAAAAAAAAAAAAAAAAAAAAAAAAAAAAAAAAAAAAAAAAAAAAAAAAAAAAAAAAABiit3ywQceAAAAAAAAAAAAAEAAgAACSAAAAAAAAAAAAAAAAAAAAAJcmVzb3VyY2VzAAAQAAgAAMnnfyQAAAARAAgAAMsEYsgAAAABABgBif2rABSkkwAUnPUACN+bAAjfjgAAmKAAAgBOTWFjaW50b3NoIEhEOlVzZXJzOmJ5cm9uOkRvY3VtZW50czpwYXBlcnM6dGhlc2lzOnJlc291cmNlczoxMC4xLjEuMTY1Ljg0OTUucGRmAA4AKAATADEAMAAuADEALgAxAC4AMQA2ADUALgA4ADQAOQA1AC4AcABkAGYADwAaAAwATQBhAGMAaQBuAHQAbwBzAGgAIABIAEQAEgBBVXNlcnMvYnlyb24vRG9jdW1lbnRzL3BhcGVycy90aGVzaXMvcmVzb3VyY2VzLzEwLjEuMS4xNjUuODQ5NS5wZGYAABMAAS8AABUAAgAM//8AAIAF0hwdHh9YJGNsYXNzZXNaJGNsYXNzbmFtZaMfICFdTlNNdXRhYmxlRGF0YVZOU0RhdGFYTlNPYmplY3RfECAuLi9yZXNvdXJjZXMvMTAuMS4xLjE2NS44NDk1LnBkZtIcHSQloiUhXE5TRGljdGlvbmFyeRIAAYagXxAPTlNLZXllZEFyY2hpdmVyAAgAEQAWAB8AKAAyADUAOgA8AEUASwBSAF0AZQBsAG8AcQBzAHYAeAB6AHwAhgCTAJgAoAJuAnACdQJ+AokCjQKbAqICqwLOAtMC1gLjAugAAAAAAAACAQAAAAAAAAAoAAAAAAAAAAAAAAAAAAAC+g==}}

@conference{phong-tessellation,
	Author = {Shinji Ogaki and Yusuke Tokuyoshi},
	Booktitle = {Eurographics Symposium on Rendering},
	Date-Added = {2011-12-06 19:37:03 -0500},
	Date-Modified = {2011-12-06 19:38:23 -0500},
	Editor = {Ravi Ramamoorthi and Erik Reinhard},
	Number = {4},
	Title = {Direct Ray Tracing of Phong Tessellation},
	Volume = {30},
	Year = {2011},
	Bdsk-File-1 = {YnBsaXN0MDDUAQIDBAUIJidUJHRvcFgkb2JqZWN0c1gkdmVyc2lvblkkYXJjaGl2ZXLRBgdUcm9vdIABqAkKFRYXGyIjVSRudWxs0wsMDQ4RFFpOUy5vYmplY3RzV05TLmtleXNWJGNsYXNzog8QgASABqISE4ACgAOAB1lhbGlhc0RhdGFccmVsYXRpdmVQYXRo0hgNGRpXTlMuZGF0YU8RAa4AAAAAAa4AAgAADE1hY2ludG9zaCBIRAAAAAAAAAAAAAAAAAAAAMnnRuRIKwAAAYn9qwxFR1NSMjAxMS5wZGYAAAAAAAAAAAAAAAAAAAAAAAAAAAAAAAAAAAAAAAAAAAAAAAAAAAAAAAAAAAAAAAAAAAABijsYywQdTAAAAAAAAAAAAAEAAgAACSAAAAAAAAAAAAAAAAAAAAAJcmVzb3VyY2VzAAAQAAgAAMnnfyQAAAARAAgAAMsEY5wAAAABABgBif2rABSkkwAUnPUACN+bAAjfjgAAmKAAAgBHTWFjaW50b3NoIEhEOlVzZXJzOmJ5cm9uOkRvY3VtZW50czpwYXBlcnM6dGhlc2lzOnJlc291cmNlczpFR1NSMjAxMS5wZGYAAA4AGgAMAEUARwBTAFIAMgAwADEAMQAuAHAAZABmAA8AGgAMAE0AYQBjAGkAbgB0AG8AcwBoACAASABEABIAOlVzZXJzL2J5cm9uL0RvY3VtZW50cy9wYXBlcnMvdGhlc2lzL3Jlc291cmNlcy9FR1NSMjAxMS5wZGYAEwABLwAAFQACAAz//wAAgAXSHB0eH1gkY2xhc3Nlc1okY2xhc3NuYW1lox8gIV1OU011dGFibGVEYXRhVk5TRGF0YVhOU09iamVjdF8QGS4uL3Jlc291cmNlcy9FR1NSMjAxMS5wZGbSHB0kJaIlIVxOU0RpY3Rpb25hcnkSAAGGoF8QD05TS2V5ZWRBcmNoaXZlcgAIABEAFgAfACgAMgA1ADoAPABFAEsAUgBdAGUAbABvAHEAcwB2AHgAegB8AIYAkwCYAKACUgJUAlkCYgJtAnECfwKGAo8CqwKwArMCwALFAAAAAAAAAgEAAAAAAAAAKAAAAAAAAAAAAAAAAAAAAtc=}}

@conference{complex-molecular-scenes,
	Author = {Lukas Marsalek and Anna Katharina Dehof and Iliyan Georgiev and Hans-Peter Lenhof and Philipp Slusallek and Andreas Hildebrandt},
	Booktitle = {Information Visualization},
	Date-Added = {2011-12-06 19:33:46 -0500},
	Date-Modified = {2011-12-06 19:36:18 -0500},
	Title = {Real-Time Ray Tracing of Complex Molecular Scenes},
	Volume = {IV},
	Year = {2010},
	Bdsk-File-1 = {YnBsaXN0MDDUAQIDBAUIJidUJHRvcFgkb2JqZWN0c1gkdmVyc2lvblkkYXJjaGl2ZXLRBgdUcm9vdIABqAkKFRYXGyIjVSRudWxs0wsMDQ4RFFpOUy5vYmplY3RzV05TLmtleXNWJGNsYXNzog8QgASABqISE4ACgAOAB1lhbGlhc0RhdGFccmVsYXRpdmVQYXRo0hgNGRpXTlMuZGF0YU8RAcoAAAAAAcoAAgAADE1hY2ludG9zaCBIRAAAAAAAAAAAAAAAAAAAAMnnRuRIKwAAAYn9qxNtYXJzYWxla19pdmJpMTAucGRmAAAAAAAAAAAAAAAAAAAAAAAAAAAAAAAAAAAAAAAAAAAAAAAAAAAAAAAAAAABijayywQcygAAAAAAAAAAAAEAAgAACSAAAAAAAAAAAAAAAAAAAAAJcmVzb3VyY2VzAAAQAAgAAMnnfyQAAAARAAgAAMsEYxoAAAABABgBif2rABSkkwAUnPUACN+bAAjfjgAAmKAAAgBOTWFjaW50b3NoIEhEOlVzZXJzOmJ5cm9uOkRvY3VtZW50czpwYXBlcnM6dGhlc2lzOnJlc291cmNlczptYXJzYWxla19pdmJpMTAucGRmAA4AKAATAG0AYQByAHMAYQBsAGUAawBfAGkAdgBiAGkAMQAwAC4AcABkAGYADwAaAAwATQBhAGMAaQBuAHQAbwBzAGgAIABIAEQAEgBBVXNlcnMvYnlyb24vRG9jdW1lbnRzL3BhcGVycy90aGVzaXMvcmVzb3VyY2VzL21hcnNhbGVrX2l2YmkxMC5wZGYAABMAAS8AABUAAgAM//8AAIAF0hwdHh9YJGNsYXNzZXNaJGNsYXNzbmFtZaMfICFdTlNNdXRhYmxlRGF0YVZOU0RhdGFYTlNPYmplY3RfECAuLi9yZXNvdXJjZXMvbWFyc2FsZWtfaXZiaTEwLnBkZtIcHSQloiUhXE5TRGljdGlvbmFyeRIAAYagXxAPTlNLZXllZEFyY2hpdmVyAAgAEQAWAB8AKAAyADUAOgA8AEUASwBSAF0AZQBsAG8AcQBzAHYAeAB6AHwAhgCTAJgAoAJuAnACdQJ+AokCjQKbAqICqwLOAtMC1gLjAugAAAAAAAACAQAAAAAAAAAoAAAAAAAAAAAAAAAAAAAC+g==}}

@periodical{distribute-ray-racing-1984,
	Author = {Robert L. Cook and  Thomas Porter and Loren Carpenter},
	Date-Added = {2011-12-06 19:29:26 -0500},
	Date-Modified = {2011-12-06 19:31:27 -0500},
	Journal = {Computer Graphic},
	Title = {Distributed Ray Tracing},
	Volume = {18},
	Year = {1984},
	Bdsk-File-1 = {YnBsaXN0MDDUAQIDBAUIJidUJHRvcFgkb2JqZWN0c1gkdmVyc2lvblkkYXJjaGl2ZXLRBgdUcm9vdIABqAkKFRYXGyIjVSRudWxs0wsMDQ4RFFpOUy5vYmplY3RzV05TLmtleXNWJGNsYXNzog8QgASABqISE4ACgAOAB1lhbGlhc0RhdGFccmVsYXRpdmVQYXRo0hgNGRpXTlMuZGF0YU8RAbIAAAAAAbIAAgAADE1hY2ludG9zaCBIRAAAAAAAAAAAAAAAAAAAAMnnRuRIKwAAAYn9qw1wMTM3LWNvb2sucGRmAAAAAAAAAAAAAAAAAAAAAAAAAAAAAAAAAAAAAAAAAAAAAAAAAAAAAAAAAAAAAAAAAAABiiuiywQchwAAAAAAAAAAAAEAAgAACSAAAAAAAAAAAAAAAAAAAAAJcmVzb3VyY2VzAAAQAAgAAMnnfyQAAAARAAgAAMsEYtcAAAABABgBif2rABSkkwAUnPUACN+bAAjfjgAAmKAAAgBITWFjaW50b3NoIEhEOlVzZXJzOmJ5cm9uOkRvY3VtZW50czpwYXBlcnM6dGhlc2lzOnJlc291cmNlczpwMTM3LWNvb2sucGRmAA4AHAANAHAAMQAzADcALQBjAG8AbwBrAC4AcABkAGYADwAaAAwATQBhAGMAaQBuAHQAbwBzAGgAIABIAEQAEgA7VXNlcnMvYnlyb24vRG9jdW1lbnRzL3BhcGVycy90aGVzaXMvcmVzb3VyY2VzL3AxMzctY29vay5wZGYAABMAAS8AABUAAgAM//8AAIAF0hwdHh9YJGNsYXNzZXNaJGNsYXNzbmFtZaMfICFdTlNNdXRhYmxlRGF0YVZOU0RhdGFYTlNPYmplY3RfEBouLi9yZXNvdXJjZXMvcDEzNy1jb29rLnBkZtIcHSQloiUhXE5TRGljdGlvbmFyeRIAAYagXxAPTlNLZXllZEFyY2hpdmVyAAgAEQAWAB8AKAAyADUAOgA8AEUASwBSAF0AZQBsAG8AcQBzAHYAeAB6AHwAhgCTAJgAoAJWAlgCXQJmAnECdQKDAooCkwKwArUCuALFAsoAAAAAAAACAQAAAAAAAAAoAAAAAAAAAAAAAAAAAAAC3A==}}

@mastersthesis{raytracing-camera-matrix,
	Author = {Sean Borman},
	Date-Added = {2011-12-06 19:11:34 -0500},
	Date-Modified = {2011-12-06 19:12:59 -0500},
	School = {University of Notre Dame},
	Title = {Raytracing and the camera matrix -- a connection.},
	Year = {2003},
	Bdsk-File-1 = {YnBsaXN0MDDUAQIDBAUIJidUJHRvcFgkb2JqZWN0c1gkdmVyc2lvblkkYXJjaGl2ZXLRBgdUcm9vdIABqAkKFRYXGyIjVSRudWxs0wsMDQ4RFFpOUy5vYmplY3RzV05TLmtleXNWJGNsYXNzog8QgASABqISE4ACgAOAB1lhbGlhc0RhdGFccmVsYXRpdmVQYXRo0hgNGRpXTlMuZGF0YU8RAaYAAAAAAaYAAgAADE1hY2ludG9zaCBIRAAAAAAAAAAAAAAAAAAAAMnnRuRIKwAAAYn9qwpyYXljYW0ucGRmAAAAAAAAAAAAAAAAAAAAAAAAAAAAAAAAAAAAAAAAAAAAAAAAAAAAAAAAAAAAAAAAAAAAAAABifj3ywQYXgAAAAAAAAAAAAEAAgAACSAAAAAAAAAAAAAAAAAAAAAJcmVzb3VyY2VzAAAQAAgAAMnnfyQAAAARAAgAAMsEXq4AAAABABgBif2rABSkkwAUnPUACN+bAAjfjgAAmKAAAgBFTWFjaW50b3NoIEhEOlVzZXJzOmJ5cm9uOkRvY3VtZW50czpwYXBlcnM6dGhlc2lzOnJlc291cmNlczpyYXljYW0ucGRmAAAOABYACgByAGEAeQBjAGEAbQAuAHAAZABmAA8AGgAMAE0AYQBjAGkAbgB0AG8AcwBoACAASABEABIAOFVzZXJzL2J5cm9uL0RvY3VtZW50cy9wYXBlcnMvdGhlc2lzL3Jlc291cmNlcy9yYXljYW0ucGRmABMAAS8AABUAAgAM//8AAIAF0hwdHh9YJGNsYXNzZXNaJGNsYXNzbmFtZaMfICFdTlNNdXRhYmxlRGF0YVZOU0RhdGFYTlNPYmplY3RfEBcuLi9yZXNvdXJjZXMvcmF5Y2FtLnBkZtIcHSQloiUhXE5TRGljdGlvbmFyeRIAAYagXxAPTlNLZXllZEFyY2hpdmVyAAgAEQAWAB8AKAAyADUAOgA8AEUASwBSAF0AZQBsAG8AcQBzAHYAeAB6AHwAhgCTAJgAoAJKAkwCUQJaAmUCaQJ3An4ChwKhAqYCqQK2ArsAAAAAAAACAQAAAAAAAAAoAAAAAAAAAAAAAAAAAAACzQ==}}

@mastersthesis{distributed-ray-tracing,
	Author = {Mikhail Kalinin and Alexander Yermolovich},
	Date-Added = {2011-12-06 19:04:36 -0500},
	Date-Modified = {2011-12-06 19:10:48 -0500},
	Rating = {3},
	School = {University of California},
	Title = {Distributed Ray Tracing},
	Year = {2008},
	Bdsk-File-1 = {YnBsaXN0MDDUAQIDBAUIJidUJHRvcFgkb2JqZWN0c1gkdmVyc2lvblkkYXJjaGl2ZXLRBgdUcm9vdIABqAkKFRYXGyIjVSRudWxs0wsMDQ4RFFpOUy5vYmplY3RzV05TLmtleXNWJGNsYXNzog8QgASABqISE4ACgAOAB1lhbGlhc0RhdGFccmVsYXRpdmVQYXRo0hgNGRpXTlMuZGF0YU8RAdIAAAAAAdIAAgAADE1hY2ludG9zaCBIRAAAAAAAAAAAAAAAAAAAAMnnRuRIKwAAAYn9qxVyYXlUcmFjaW5nUHJvamVjdC5wZGYAAAAAAAAAAAAAAAAAAAAAAAAAAAAAAAAAAAAAAAAAAAAAAAAAAAAAAAABif2FywQZIQAAAAAAAAAAAAEAAgAACSAAAAAAAAAAAAAAAAAAAAAJcmVzb3VyY2VzAAAQAAgAAMnnfyQAAAARAAgAAMsEX3EAAAABABgBif2rABSkkwAUnPUACN+bAAjfjgAAmKAAAgBQTWFjaW50b3NoIEhEOlVzZXJzOmJ5cm9uOkRvY3VtZW50czpwYXBlcnM6dGhlc2lzOnJlc291cmNlczpyYXlUcmFjaW5nUHJvamVjdC5wZGYADgAsABUAcgBhAHkAVAByAGEAYwBpAG4AZwBQAHIAbwBqAGUAYwB0AC4AcABkAGYADwAaAAwATQBhAGMAaQBuAHQAbwBzAGgAIABIAEQAEgBDVXNlcnMvYnlyb24vRG9jdW1lbnRzL3BhcGVycy90aGVzaXMvcmVzb3VyY2VzL3JheVRyYWNpbmdQcm9qZWN0LnBkZgAAEwABLwAAFQACAAz//wAAgAXSHB0eH1gkY2xhc3Nlc1okY2xhc3NuYW1lox8gIV1OU011dGFibGVEYXRhVk5TRGF0YVhOU09iamVjdF8QIi4uL3Jlc291cmNlcy9yYXlUcmFjaW5nUHJvamVjdC5wZGbSHB0kJaIlIVxOU0RpY3Rpb25hcnkSAAGGoF8QD05TS2V5ZWRBcmNoaXZlcgAIABEAFgAfACgAMgA1ADoAPABFAEsAUgBdAGUAbABvAHEAcwB2AHgAegB8AIYAkwCYAKACdgJ4An0ChgKRApUCowKqArMC2ALdAuAC7QLyAAAAAAAAAgEAAAAAAAAAKAAAAAAAAAAAAAAAAAAAAwQ=}}
