
@article{fast:2008,
author = Peter Shirly and Kelvin Sung and Erik Brunvand and Alan Davis and Steven Parker and Solom Boulos ,
title = {Fast Ray Tracing and The Potential Effects on Graphics and Gaming Courses},
journal = {Computers and Graphics},
year = 2008,
volume = {32},
pages = {260-267}
}

